"date","transaction","description","amount","balance","currency"
"2025-01-01","INT","Interest earned","23.21","18523.21","CAD"
"2025-01-01","SPEND","Super Chicken","-8.02","18515.19","CAD"
"2025-01-01","SPEND","Bar Chef","-25.28","18489.91","CAD"
"2025-01-01","SPEND","Goodlife Fitness","-59.99","18429.92","CAD"
"2025-01-01","P2P_SENT","Cash sent","-1050.0","17379.92","CAD"
"2025-01-02","SPEND","%arabica (union Statio","-6.88","17373.04","CAD"
"2025-01-03","SPEND","Apple Icloud+ Storage","-3.99","17369.05","CAD"
"2025-01-03","SPEND","Dollarama","-11.7","17357.35","CAD"
"2025-01-03","SPEND","Popeyes 11589","-15.7","17341.65","CAD"
"2025-01-03","SPEND","Presto Autoload","-40.0","17301.65","CAD"
"2025-01-03","SPEND","Walmart Supercentre","-70.21","17231.44","CAD"
"2025-01-04","SPEND","Gusto 101","-34.85","17196.59","CAD"
"2025-01-04","SPEND","Petro-Canada 01480","-79.11","17117.48","CAD"
"2025-01-04","P2P_SENT","Cash sent","-69.55","17047.93","CAD"
"2025-01-06","SPEND","No Frills","-58.5","16989.43","CAD"
"2025-01-07","SPEND","Tim Hortons","-4.83","16984.6","CAD"
"2025-01-07","SPEND","Amazon Prime Ca","-10.99","16973.61","CAD"
"2025-01-08","SPEND","Tim Hortons","-5.62","16967.99","CAD"
"2025-01-08","SPEND","Holy Chuck Burgers","-15.87","16952.12","CAD"
"2025-01-08","P2P_SENT","Cash sent","-16.83","16935.29","CAD"
"2025-01-09","SPEND","Balzac's Coffee","-6.12","16929.17","CAD"
"2025-01-09","SPEND","Netflix","-20.99","16908.18","CAD"
"2025-01-10","SPEND","Pigeon Cafe & Bar","-8.3","16899.88","CAD"
"2025-01-10","SPEND","Gusto 101","-41.49","16858.39","CAD"
"2025-01-10","SPEND","The Keg Steakhouse","-62.69","16795.7","CAD"
"2025-01-12","SPEND","Spotify","-11.99","16783.71","CAD"
"2025-01-12","SPEND","Walmart Supercentre","-39.8","16743.91","CAD"
"2025-01-12","SPEND","Othership","-53.36","16690.55","CAD"
"2025-01-14","SPEND","Tiger Sugar","-6.77","16683.78","CAD"
"2025-01-15","AFT_IN","Direct deposit from Wealthsimple-OS","2561.35","19245.13","CAD"
"2025-01-15","SPEND","Crunchyroll","-9.99","19235.14","CAD"
"2025-01-16","SPEND","Dark Horse Spadina","-7.94","19227.2","CAD"
"2025-01-17","SPEND","Chatime","-6.86","19220.34","CAD"
"2025-01-17","SPEND","Walmart Supercentre","-71.08","19149.26","CAD"
"2025-01-18","SPEND","Uber* Trip","-15.98","19133.28","CAD"
"2025-01-18","SPEND","The Saigon Pho & Grill","-18.36","19114.92","CAD"
"2025-01-19","SPEND","Pilot Coffee Roasters","-5.96","19108.96","CAD"
"2025-01-20","SPEND","Kao Kang Thai Restaura","-26.9","19082.06","CAD"
"2025-01-20","SPEND","Claude.ai Subscription","-31.64","19050.42","CAD"
"2025-01-20","SPEND","The Keg Steakhouse","-67.68","18982.74","CAD"
"2025-01-21","SPEND","Dark Horse Spadina","-7.7","18975.04","CAD"
"2025-01-21","SPEND","Longo's","-28.77","18946.27","CAD"
"2025-01-21","SPEND","Cineplex Cinemas","-29.27","18917.0","CAD"
"2025-01-21","SPEND","Shell","-62.2","18854.8","CAD"
"2025-01-22","SPEND","Popeyes 11589","-14.65","18840.15","CAD"
"2025-01-23","SPEND","Pilot Coffee Roasters","-8.27","18831.88","CAD"
"2025-01-25","SPEND","Fido Mobile","-53.91","18777.97","CAD"
"2025-01-28","SPEND","%arabica (union Statio","-8.91","18769.06","CAD"
"2025-01-28","SPEND","Shoppers Drug Mart","-28.98","18740.08","CAD"
"2025-01-28","SPEND","Sobeys","-34.85","18705.23","CAD"
"2025-01-29","AFT_IN","Direct deposit from Wealthsimple-OS","2291.0","20996.23","CAD"
"2025-01-30","SPEND","Starbucks Coffee","-7.95","20988.28","CAD"
"2025-01-30","SPEND","Sobeys","-26.93","20961.35","CAD"
"2025-01-31","SPEND","Sushi on Bloor","-16.87","20944.48","CAD"
"2025-02-01","INT","Interest earned","23.26","20967.74","CAD"
"2025-02-01","SPEND","Goodlife Fitness","-59.99","20907.75","CAD"
"2025-02-01","P2P_SENT","Cash sent","-1050.0","19857.75","CAD"
"2025-02-02","SPEND","Lady Marmalade","-48.5","19809.25","CAD"
"2025-02-03","SPEND","Apple Icloud+ Storage","-3.99","19805.26","CAD"
"2025-02-03","SPEND","Presto Autoload","-40.0","19765.26","CAD"
"2025-02-04","SPEND","Pilot Coffee Roasters","-5.82","19759.44","CAD"
"2025-02-04","SPEND","Starbucks Coffee","-6.3","19753.14","CAD"
"2025-02-04","SPEND","Pigeon Cafe & Bar","-8.22","19744.92","CAD"
"2025-02-05","P2P_SENT","Cash sent","-17.49","19727.43","CAD"
"2025-02-06","SPEND","Walmart Supercentre","-74.7","19652.73","CAD"
"2025-02-07","SPEND","Second Cup 9301","-7.46","19645.27","CAD"
"2025-02-07","SPEND","Amazon Prime Ca","-10.99","19634.28","CAD"
"2025-02-07","SPEND","Impact Kitchen Adelaid","-17.4","19616.88","CAD"
"2025-02-07","SPEND","Gusto 101","-30.06","19586.82","CAD"
"2025-02-08","SPEND","Bingz Crispy Burger","-13.59","19573.23","CAD"
"2025-02-08","SPEND","Farm Boy","-20.0","19553.23","CAD"
"2025-02-09","SPEND","Netflix","-20.99","19532.24","CAD"
"2025-02-10","SPEND","Starbucks Coffee","-6.7","19525.54","CAD"
"2025-02-11","SPEND","Starbucks Coffee","-6.17","19519.37","CAD"
"2025-02-12","AFT_IN","Direct deposit from Wealthsimple-OS","2401.01","21920.38","CAD"
"2025-02-12","SPEND","Bingz Crispy Burger","-11.37","21909.01","CAD"
"2025-02-12","SPEND","Spotify","-11.99","21897.02","CAD"
"2025-02-12","SPEND","Canadian Tire","-31.81","21865.21","CAD"
"2025-02-14","SPEND","Tim Hortons","-5.07","21860.14","CAD"
"2025-02-14","SPEND","Esso","-78.1","21782.04","CAD"
"2025-02-15","SPEND","Balzac's Coffee","-7.95","21774.09","CAD"
"2025-02-15","SPEND","Crunchyroll","-9.99","21764.1","CAD"
"2025-02-15","SPEND","Sobeys","-27.21","21736.89","CAD"
"2025-02-17","SPEND","Ramen Isshin","-22.04","21714.85","CAD"
"2025-02-17","SPEND","Shoppers Drug Mart","-23.26","21691.59","CAD"
"2025-02-18","SPEND","De Mello Coffee -","-8.9","21682.69","CAD"
"2025-02-19","SPEND","JOEY Restaurant","-45.17","21637.52","CAD"
"2025-02-20","SPEND","Cineplex Cinemas","-29.47","21608.05","CAD"
"2025-02-20","SPEND","Claude.ai Subscription","-31.64","21576.41","CAD"
"2025-02-21","SPEND","Pigeon Cafe & Bar","-6.72","21569.69","CAD"
"2025-02-21","SPEND","Pigeon Cafe & Bar","-6.73","21562.96","CAD"
"2025-02-21","SPEND","Dark Horse Spadina","-6.95","21556.01","CAD"
"2025-02-21","SPEND","Kinton Ramen","-16.36","21539.65","CAD"
"2025-02-22","SPEND","Tim Hortons","-5.41","21534.24","CAD"
"2025-02-22","SPEND","Uber* Trip","-33.68","21500.56","CAD"
"2025-02-23","SPEND","Farm Boy","-18.18","21482.38","CAD"
"2025-02-25","SPEND","Kinton Ramen","-21.28","21461.1","CAD"
"2025-02-25","SPEND","Fido Mobile","-54.77","21406.33","CAD"
"2025-02-25","SPEND","Winners","-57.36","21348.97","CAD"
"2025-02-26","AFT_IN","Direct deposit from Wealthsimple-OS","2378.21","23727.18","CAD"
"2025-02-26","SPEND","%arabica (union Statio","-9.2","23717.98","CAD"
"2025-02-27","SPEND","Second Cup 9301","-5.13","23712.85","CAD"
"2025-02-27","SPEND","Sweet Jesus","-7.13","23705.72","CAD"
"2025-02-27","SPEND","Uber* Trip","-14.85","23690.87","CAD"
"2025-03-01","INT","Interest earned","33.02","23723.89","CAD"
"2025-03-01","SPEND","Jimmy's Coffee","-7.46","23716.43","CAD"
"2025-03-01","SPEND","Impact Kitchen Adelaid","-18.52","23697.91","CAD"
"2025-03-01","SPEND","Goodlife Fitness","-59.99","23637.92","CAD"
"2025-03-01","P2P_SENT","Cash sent","-1050.0","22587.92","CAD"
"2025-03-03","SPEND_REFUND","H&M","17.77","22605.69","CAD"
"2025-03-03","SPEND","Apple Icloud+ Storage","-3.99","22601.7","CAD"
"2025-03-03","SPEND","Presto Autoload","-40.0","22561.7","CAD"
"2025-03-04","SPEND","No Frills","-33.41","22528.29","CAD"
"2025-03-05","SPEND","Neo Coffee Bar","-7.81","22520.48","CAD"
"2025-03-06","SPEND","Kinton Ramen","-19.92","22500.56","CAD"
"2025-03-07","SPEND","Amazon Prime Ca","-10.99","22489.57","CAD"
"2025-03-09","SPEND","Balzac's Coffee","-7.3","22482.27","CAD"
"2025-03-09","SPEND","Netflix","-20.99","22461.28","CAD"
"2025-03-10","SPEND","Pilot Coffee Roasters","-7.51","22453.77","CAD"
"2025-03-11","SPEND","King Slice Pizza","-7.88","22445.89","CAD"
"2025-03-11","SPEND","Shoppers Drug Mart","-18.14","22427.75","CAD"
"2025-03-11","SPEND","Esso","-59.97","22367.78","CAD"
"2025-03-12","AFT_IN","Direct deposit from Wealthsimple-OS","2604.05","24971.83","CAD"
"2025-03-12","SPEND","Spotify","-11.99","24959.84","CAD"
"2025-03-14","SPEND","Jimmy's Coffee","-5.78","24954.06","CAD"
"2025-03-14","SPEND","Pizza Pizza","-11.33","24942.73","CAD"
"2025-03-14","SPEND","Petro-Canada 01480","-57.5","24885.23","CAD"
"2025-03-15","SPEND","De Mello Coffee -","-8.85","24876.38","CAD"
"2025-03-15","SPEND","Crunchyroll","-9.99","24866.39","CAD"
"2025-03-15","SPEND","Muji","-17.11","24849.28","CAD"
"2025-03-15","SPEND","Uber* Trip","-29.24","24820.04","CAD"
"2025-03-15","SPEND","Farm Boy","-33.52","24786.52","CAD"
"2025-03-16","SPEND","Longo's","-49.97","24736.55","CAD"
"2025-03-17","SPEND","The Saigon Pho & Grill","-20.86","24715.69","CAD"
"2025-03-18","SPEND","De Mello Coffee -","-8.16","24707.53","CAD"
"2025-03-18","SPEND","Cineplex Cinemas","-23.16","24684.37","CAD"
"2025-03-20","SPEND","Claude.ai Subscription","-31.64","24652.73","CAD"
"2025-03-21","SPEND","%arabica (union Statio","-8.59","24644.14","CAD"
"2025-03-22","SPEND","Dollarama","-3.06","24641.08","CAD"
"2025-03-22","SPEND","Indigo Books","-19.45","24621.63","CAD"
"2025-03-22","SPEND","Gusto 101","-32.39","24589.24","CAD"
"2025-03-23","SPEND","Dark Horse Spadina","-5.98","24583.26","CAD"
"2025-03-23","SPEND","Second Cup 9301","-7.0","24576.26","CAD"
"2025-03-23","P2P_SENT","Cash sent","-69.02","24507.24","CAD"
"2025-03-24","SPEND","A&W","-14.51","24492.73","CAD"
"2025-03-24","SPEND","T&T Supermarket","-58.43","24434.3","CAD"
"2025-03-25","SPEND","Uber* Trip","-19.55","24414.75","CAD"
"2025-03-25","SPEND","Bellwoods Brewery","-20.26","24394.49","CAD"
"2025-03-25","SPEND","Fido Mobile","-54.39","24340.1","CAD"
"2025-03-25","P2P_SENT","Cash sent","-60.86","24279.24","CAD"
"2025-03-26","AFT_IN","Direct deposit from Wealthsimple-OS","2577.75","26856.99","CAD"
"2025-03-26","SPEND","Sweet Jesus","-11.55","26845.44","CAD"
"2025-03-26","SPEND","Sushi on Bloor","-16.32","26829.12","CAD"
"2025-03-26","SPEND","T&T Supermarket","-41.74","26787.38","CAD"
"2025-03-27","SPEND","Jimmy's Coffee","-6.42","26780.96","CAD"
"2025-03-28","SPEND","Second Cup 9301","-5.63","26775.33","CAD"
"2025-03-28","SPEND","Ramen Isshin","-17.16","26758.17","CAD"
"2025-03-29","SPEND","Balzac's Coffee","-7.37","26750.8","CAD"
"2025-03-29","SPEND","Neo Coffee Bar","-7.58","26743.22","CAD"
"2025-03-29","SPEND","Longo's","-62.83","26680.39","CAD"
"2025-04-01","INT","Interest earned","29.85","26710.24","CAD"
"2025-04-01","SPEND","A&W","-14.92","26695.32","CAD"
"2025-04-01","SPEND","Goodlife Fitness","-59.99","26635.33","CAD"
"2025-04-01","P2P_SENT","Cash sent","-1050.0","25585.33","CAD"
"2025-04-02","SPEND_REFUND","Amazon.ca","81.43","25666.76","CAD"
"2025-04-02","SPEND","T&T Supermarket","-62.08","25604.68","CAD"
"2025-04-03","SPEND","Apple Icloud+ Storage","-3.99","25600.69","CAD"
"2025-04-03","SPEND","Presto Autoload","-40.0","25560.69","CAD"
"2025-04-03","P2P_SENT","Cash sent","-16.24","25544.45","CAD"
"2025-04-05","P2P_RECV","Cash received","39.7","25584.15","CAD"
"2025-04-05","SPEND","Chatime","-5.92","25578.23","CAD"
"2025-04-05","SPEND","Caphelia","-6.85","25571.38","CAD"
"2025-04-06","SPEND","Balzac's Coffee","-6.31","25565.07","CAD"
"2025-04-06","SPEND","Caphelia","-7.09","25557.98","CAD"
"2025-04-06","SPEND","Uber* Trip","-30.42","25527.56","CAD"
"2025-04-06","SPEND","Metro","-35.31","25492.25","CAD"
"2025-04-07","SPEND","Amazon Prime Ca","-10.99","25481.26","CAD"
"2025-04-07","SPEND","Freshii","-13.7","25467.56","CAD"
"2025-04-08","SPEND","Pilot Coffee Roasters","-6.01","25461.55","CAD"
"2025-04-09","AFT_IN","Direct deposit from Wealthsimple-OS","2672.56","28134.11","CAD"
"2025-04-09","SPEND","Netflix","-20.99","28113.12","CAD"
"2025-04-10","SPEND","Impact Kitchen Adelaid","-15.62","28097.5","CAD"
"2025-04-10","SPEND","Shoppers Drug Mart","-19.42","28078.08","CAD"
"2025-04-10","SPEND","Wal-Mart","-43.27","28034.81","CAD"
"2025-04-10","SPEND","Sobeys","-50.03","27984.78","CAD"
"2025-04-11","SPEND","Neo Coffee Bar","-7.16","27977.62","CAD"
"2025-04-12","SPEND","Spotify","-11.99","27965.63","CAD"
"2025-04-13","SPEND","Tim Hortons","-2.87","27962.76","CAD"
"2025-04-15","SPEND","Crunchyroll","-9.99","27952.77","CAD"
"2025-04-16","SPEND","Muji","-19.59","27933.18","CAD"
"2025-04-17","SPEND","Dark Horse Spadina","-5.56","27927.62","CAD"
"2025-04-17","SPEND","Banh Mi Boys","-12.84","27914.78","CAD"
"2025-04-19","SPEND","Chatime","-5.79","27908.99","CAD"
"2025-04-20","SPEND","Claude.ai Subscription","-31.64","27877.35","CAD"
"2025-04-20","SPEND","Sobeys","-38.52","27838.83","CAD"
"2025-04-21","SPEND","Second Cup 9301","-5.67","27833.16","CAD"
"2025-04-21","SPEND","Sushi on Bloor","-26.4","27806.76","CAD"
"2025-04-22","SPEND","Canadian Tire Gas+","-47.69","27759.07","CAD"
"2025-04-23","AFT_IN","Direct deposit from Wealthsimple-OS","2318.25","30077.32","CAD"
"2025-04-23","SPEND","Caphelia","-6.33","30070.99","CAD"
"2025-04-23","SPEND","Mary Brown's Chicken","-14.87","30056.12","CAD"
"2025-04-25","SPEND","T&T Supermarket","-31.97","30024.15","CAD"
"2025-04-25","SPEND","Fido Mobile","-56.36","29967.79","CAD"
"2025-04-26","SPEND","Jimmy's Coffee","-7.12","29960.67","CAD"
"2025-04-26","SPEND","Uber* Trip","-25.12","29935.55","CAD"
"2025-04-26","SPEND","Gusto 101","-32.12","29903.43","CAD"
"2025-05-01","INT","Interest earned","32.49","29935.92","CAD"
"2025-05-01","SPEND","Dollarama","-4.66","29931.26","CAD"
"2025-05-01","SPEND","Balzac's Coffee","-7.22","29924.04","CAD"
"2025-05-01","SPEND","Goodlife Fitness","-59.99","29864.05","CAD"
"2025-05-01","P2P_SENT","Cash sent","-1050.0","28814.05","CAD"
"2025-05-02","SPEND","Uber* Trip","-26.03","28788.02","CAD"
"2025-05-03","SPEND","Apple Icloud+ Storage","-3.99","28784.03","CAD"
"2025-05-03","SPEND","Caphelia","-6.3","28777.73","CAD"
"2025-05-03","SPEND","Tiger Sugar","-8.51","28769.22","CAD"
"2025-05-03","SPEND","Presto Autoload","-40.0","28729.22","CAD"
"2025-05-03","SPEND","Canadian Tire Gas+","-48.86","28680.36","CAD"
"2025-05-04","SPEND","Starbucks Coffee","-7.66","28672.7","CAD"
"2025-05-04","SPEND","No Frills","-29.71","28642.99","CAD"
"2025-05-04","SPEND","Shoppers Drug Mart","-33.58","28609.41","CAD"
"2025-05-04","P2P_SENT","Cash sent","-65.45","28543.96","CAD"
"2025-05-05","SPEND","Super Chicken","-9.86","28534.1","CAD"
"2025-05-06","SPEND","De Mello Coffee -","-8.34","28525.76","CAD"
"2025-05-07","AFT_IN","Direct deposit from Wealthsimple-OS","2465.65","30991.41","CAD"
"2025-05-07","SPEND","Neo Coffee Bar","-6.12","30985.29","CAD"
"2025-05-07","SPEND","Amazon Prime Ca","-10.99","30974.3","CAD"
"2025-05-08","SPEND","Pilot Coffee Roasters","-7.05","30967.25","CAD"
"2025-05-08","P2P_SENT","Cash sent","-34.57","30932.68","CAD"
"2025-05-09","SPEND","Netflix","-20.99","30911.69","CAD"
"2025-05-10","SPEND","H&M","-31.41","30880.28","CAD"
"2025-05-11","SPEND","Pizza Pizza","-8.93","30871.35","CAD"
"2025-05-11","SPEND","Metro","-20.14","30851.21","CAD"
"2025-05-12","SPEND","Spotify","-11.99","30839.22","CAD"
"2025-05-13","SPEND","No Frills","-78.79","30760.43","CAD"
"2025-05-14","P2P_RECV","Cash received","43.75","30804.18","CAD"
"2025-05-15","SPEND","Crunchyroll","-9.99","30794.19","CAD"
"2025-05-17","SPEND","Dark Horse Spadina","-7.5","30786.69","CAD"
"2025-05-17","SPEND","The Saigon Pho & Grill","-19.18","30767.51","CAD"
"2025-05-18","SPEND","Metro","-25.6","30741.91","CAD"
"2025-05-19","SPEND","Neo Coffee Bar","-7.97","30733.94","CAD"
"2025-05-20","SPEND","Shoppers Drug Mart","-24.39","30709.55","CAD"
"2025-05-20","SPEND","Claude.ai Subscription","-31.64","30677.91","CAD"
"2025-05-21","AFT_IN","Direct deposit from Wealthsimple-OS","2293.11","32971.02","CAD"
"2025-05-21","SPEND","Othership","-47.95","32923.07","CAD"
"2025-05-23","SPEND","Caphelia","-6.73","32916.34","CAD"
"2025-05-24","SPEND","Gusto 101","-27.3","32889.04","CAD"
"2025-05-25","SPEND","Caphelia","-7.29","32881.75","CAD"
"2025-05-25","SPEND","Uniqlo Eaton Centre","-33.92","32847.83","CAD"
"2025-05-25","SPEND","Fido Mobile","-55.82","32792.01","CAD"
"2025-05-26","SPEND","Caphelia","-6.4","32785.61","CAD"
"2025-05-26","SPEND","Neo Coffee Bar","-6.57","32779.04","CAD"
"2025-05-26","SPEND","CoCo Fresh Tea","-7.66","32771.38","CAD"
"2025-05-26","SPEND","T&T Supermarket","-39.95","32731.43","CAD"
"2025-05-28","SPEND","Uber* Trip","-19.28","32712.15","CAD"
"2025-05-29","SPEND","A&W","-9.52","32702.63","CAD"
"2025-05-29","SPEND","No Frills","-43.59","32659.04","CAD"
"2025-05-30","SPEND","Pizza Pizza","-16.35","32642.69","CAD"
"2025-05-31","SPEND","Osmow's Shawarma","-15.65","32627.04","CAD"
"2025-05-31","SPEND","Farm Boy","-19.24","32607.8","CAD"
"2025-06-01","INT","Interest earned","31.49","32639.29","CAD"
"2025-06-01","SPEND","Goodlife Fitness","-59.99","32579.3","CAD"
"2025-06-01","P2P_SENT","Cash sent","-1050.0","31529.3","CAD"
"2025-06-03","SPEND","Apple Icloud+ Storage","-3.99","31525.31","CAD"
"2025-06-03","SPEND","Balzac's Coffee","-6.19","31519.12","CAD"
"2025-06-03","SPEND","Neo Coffee Bar","-6.71","31512.41","CAD"
"2025-06-03","SPEND","Presto Autoload","-40.0","31472.41","CAD"
"2025-06-03","P2P_SENT","Cash sent","-22.21","31450.2","CAD"
"2025-06-04","AFT_IN","Direct deposit from Wealthsimple-OS","2376.2","33826.4","CAD"
"2025-06-04","SPEND","Othership","-46.16","33780.24","CAD"
"2025-06-06","SPEND","Caphelia","-5.65","33774.59","CAD"
"2025-06-06","SPEND","Starbucks Coffee","-6.32","33768.27","CAD"
"2025-06-06","SPEND","Rexall Pharmacy","-22.41","33745.86","CAD"
"2025-06-07","SPEND","Amazon Prime Ca","-10.99","33734.87","CAD"
"2025-06-08","SPEND","Walmart Supercentre","-30.43","33704.44","CAD"
"2025-06-08","SPEND","Lady Marmalade","-50.54","33653.9","CAD"
"2025-06-09","SPEND","Netflix","-20.99","33632.91","CAD"
"2025-06-10","SPEND_REFUND","Wal-Mart","44.87","33677.78","CAD"
"2025-06-10","SPEND","Pizza Pizza","-11.4","33666.38","CAD"
"2025-06-10","SPEND","Bingz Crispy Burger","-11.66","33654.72","CAD"
"2025-06-12","SPEND","%arabica (union Statio","-8.58","33646.14","CAD"
"2025-06-12","SPEND","Spotify","-11.99","33634.15","CAD"
"2025-06-12","SPEND","No Frills","-74.8","33559.35","CAD"
"2025-06-13","SPEND","Mcdonald's","-6.39","33552.96","CAD"
"2025-06-13","SPEND","Kinton Ramen","-21.22","33531.74","CAD"
"2025-06-15","SPEND","De Mello Coffee -","-6.42","33525.32","CAD"
"2025-06-15","SPEND","Crunchyroll","-9.99","33515.33","CAD"
"2025-06-16","SPEND","Starbucks Coffee","-5.69","33509.64","CAD"
"2025-06-16","SPEND","King Slice Pizza","-7.46","33502.18","CAD"
"2025-06-16","P2P_SENT","Cash sent","-53.79","33448.39","CAD"
"2025-06-17","P2P_RECV","Cash received","40.88","33489.27","CAD"
"2025-06-18","AFT_IN","Direct deposit from Wealthsimple-OS","2502.36","35991.63","CAD"
"2025-06-18","SPEND","Starbucks Coffee","-8.0","35983.63","CAD"
"2025-06-18","SPEND","Walmart Supercentre","-46.71","35936.92","CAD"
"2025-06-18","SPEND","Amazon.ca","-59.26","35877.66","CAD"
"2025-06-19","SPEND","Esso","-71.8","35805.86","CAD"
"2025-06-20","SPEND","Neo Coffee Bar","-6.66","35799.2","CAD"
"2025-06-20","SPEND","Claude.ai Subscription","-31.64","35767.56","CAD"
"2025-06-21","SPEND","Jimmy's Coffee","-7.37","35760.19","CAD"
"2025-06-21","SPEND","Walmart Supercentre","-62.35","35697.84","CAD"
"2025-06-22","SPEND","King Slice Pizza","-5.38","35692.46","CAD"
"2025-06-22","SPEND","JOEY Restaurant","-41.3","35651.16","CAD"
"2025-06-23","SPEND","Uber* Trip","-31.15","35620.01","CAD"
"2025-06-25","SPEND","Tim Hortons","-3.69","35616.32","CAD"
"2025-06-25","SPEND","Fido Mobile","-55.63","35560.69","CAD"
"2025-06-26","SPEND","Kinton Ramen","-19.45","35541.24","CAD"
"2025-06-26","SPEND","No Frills","-30.33","35510.91","CAD"
"2025-06-26","SPEND","Farm Boy","-43.26","35467.65","CAD"
"2025-06-26","SPEND","Shell","-67.25","35400.4","CAD"
"2025-06-27","SPEND","Chipotle","-19.88","35380.52","CAD"
"2025-06-30","SPEND","Tiger Sugar","-7.15","35373.37","CAD"
"2025-07-01","INT","Interest earned","28.97","35402.34","CAD"
"2025-07-01","SPEND","Jimmy's Coffee","-5.95","35396.39","CAD"
"2025-07-01","SPEND","Goodlife Fitness","-59.99","35336.4","CAD"
"2025-07-01","P2P_SENT","Cash sent","-1050.0","34286.4","CAD"
"2025-07-02","AFT_IN","Direct deposit from Wealthsimple-OS","2291.68","36578.08","CAD"
"2025-07-02","SPEND","Ramen Isshin","-23.45","36554.63","CAD"
"2025-07-03","SPEND","Apple Icloud+ Storage","-3.99","36550.64","CAD"
"2025-07-03","SPEND","Caphelia","-5.94","36544.7","CAD"
"2025-07-03","SPEND","Tiger Sugar","-6.8","36537.9","CAD"
"2025-07-03","SPEND","Presto Autoload","-40.0","36497.9","CAD"
"2025-07-04","SPEND","Shoppers Drug Mart","-14.99","36482.91","CAD"
"2025-07-07","SPEND","Neo Coffee Bar","-7.5","36475.41","CAD"
"2025-07-07","SPEND","Amazon Prime Ca","-10.99","36464.42","CAD"
"2025-07-07","SPEND","The Keg Steakhouse","-48.34","36416.08","CAD"
"2025-07-08","SPEND","%arabica (union Statio","-8.11","36407.97","CAD"
"2025-07-08","SPEND","Longo's","-49.65","36358.32","CAD"
"2025-07-09","SPEND","Shoppers Drug Mart","-20.38","36337.94","CAD"
"2025-07-09","SPEND","Netflix","-20.99","36316.95","CAD"
"2025-07-10","SPEND","Uber* Trip","-12.1","36304.85","CAD"
"2025-07-10","P2P_SENT","Cash sent","-42.9","36261.95","CAD"
"2025-07-12","SPEND","Pigeon Cafe & Bar","-7.28","36254.67","CAD"
"2025-07-12","SPEND","Spotify","-11.99","36242.68","CAD"
"2025-07-12","SPEND","Popeyes 11589","-14.02","36228.66","CAD"
"2025-07-12","SPEND","Canadian Tire Gas+","-79.72","36148.94","CAD"
"2025-07-13","SPEND","Ramen Isshin","-24.7","36124.24","CAD"
"2025-07-13","SPEND","Shoppers Drug Mart","-31.79","36092.45","CAD"
"2025-07-14","SPEND","Balzac's Coffee","-7.5","36084.95","CAD"
"2025-07-14","SPEND","Dark Horse Spadina","-7.6","36077.35","CAD"
"2025-07-15","SPEND","Crunchyroll","-9.99","36067.36","CAD"
"2025-07-15","SPEND","Dollarama","-13.98","36053.38","CAD"
"2025-07-15","SPEND","Mary Brown's Chicken","-17.85","36035.53","CAD"
"2025-07-16","AFT_IN","Direct deposit from Wealthsimple-OS","2367.49","38403.02","CAD"
"2025-07-16","SPEND","Impact Kitchen Adelaid","-21.1","38381.92","CAD"
"2025-07-16","SPEND","Lady Marmalade","-23.33","38358.59","CAD"
"2025-07-17","SPEND","Walmart Supercentre","-41.41","38317.18","CAD"
"2025-07-19","SPEND","Jimmy's Coffee","-6.41","38310.77","CAD"
"2025-07-19","SPEND","Winners","-34.32","38276.45","CAD"
"2025-07-20","SPEND","Neo Coffee Bar","-5.57","38270.88","CAD"
"2025-07-20","SPEND","Claude.ai Subscription","-31.64","38239.24","CAD"
"2025-07-21","SPEND","Tiger Sugar","-6.68","38232.56","CAD"
"2025-07-23","SPEND","Balzac's Coffee","-6.57","38225.99","CAD"
"2025-07-23","SPEND","Sweet Jesus","-7.46","38218.53","CAD"
"2025-07-24","SPEND","Shoppers Drug Mart","-11.12","38207.41","CAD"
"2025-07-24","SPEND","Bingz Crispy Burger","-12.82","38194.59","CAD"
"2025-07-24","SPEND","Petro-Canada 01480","-83.74","38110.85","CAD"
"2025-07-25","SPEND","Ramen Isshin","-22.23","38088.62","CAD"
"2025-07-25","SPEND","Fido Mobile","-56.26","38032.36","CAD"
"2025-07-26","SPEND","Mary Brown's Chicken","-10.64","38021.72","CAD"
"2025-07-26","SPEND","Walmart Supercentre","-82.47","37939.25","CAD"
"2025-07-28","SPEND","Beer Store","-16.35","37922.9","CAD"
"2025-07-29","SPEND","Caphelia","-5.86","37917.04","CAD"
"2025-07-30","AFT_IN","Direct deposit from Wealthsimple-OS","2565.95","40482.99","CAD"
"2025-08-01","INT","Interest earned","34.65","40517.64","CAD"
"2025-08-01","SPEND","Tim Hortons","-5.54","40512.1","CAD"
"2025-08-01","SPEND","Goodlife Fitness","-59.99","40452.11","CAD"
"2025-08-01","SPEND","Amazon.ca","-77.63","40374.48","CAD"
"2025-08-01","P2P_SENT","Cash sent","-1050.0","39324.48","CAD"
"2025-08-02","SPEND","Tim Hortons","-3.35","39321.13","CAD"
"2025-08-02","SPEND","Second Cup 9301","-7.26","39313.87","CAD"
"2025-08-02","SPEND","Ramen Isshin","-22.27","39291.6","CAD"
"2025-08-02","SPEND","LCBO","-26.48","39265.12","CAD"
"2025-08-02","SPEND","No Frills","-27.78","39237.34","CAD"
"2025-08-03","SPEND","Apple Icloud+ Storage","-3.99","39233.35","CAD"
"2025-08-03","SPEND","Winners","-34.65","39198.7","CAD"
"2025-08-03","SPEND","Presto Autoload","-40.0","39158.7","CAD"
"2025-08-04","SPEND","The Alley","-6.15","39152.55","CAD"
"2025-08-05","SPEND","Holy Chuck Burgers","-20.87","39131.68","CAD"
"2025-08-06","SPEND","Osmow's Shawarma","-17.05","39114.63","CAD"
"2025-08-06","SPEND","Walmart Supercentre","-39.98","39074.65","CAD"
"2025-08-07","SPEND","Dessert Fox","-7.34","39067.31","CAD"
"2025-08-07","SPEND","Amazon Prime Ca","-10.99","39056.32","CAD"
"2025-08-07","SPEND","Shell","-71.27","38985.05","CAD"
"2025-08-08","SPEND","De Mello Coffee -","-7.41","38977.64","CAD"
"2025-08-08","SPEND","Starbucks Coffee","-7.45","38970.19","CAD"
"2025-08-09","SPEND","Netflix","-20.99","38949.2","CAD"
"2025-08-09","SPEND","Uber* Trip","-21.23","38927.97","CAD"
"2025-08-11","SPEND","Neo Coffee Bar","-5.63","38922.34","CAD"
"2025-08-12","SPEND","Freshii","-10.29","38912.05","CAD"
"2025-08-12","SPEND","Spotify","-11.99","38900.06","CAD"
"2025-08-12","SPEND","Rexall Pharmacy","-33.11","38866.95","CAD"
"2025-08-12","SPEND","Petro-Canada 01480","-68.12","38798.83","CAD"
"2025-08-13","AFT_IN","Direct deposit from Wealthsimple-OS","2519.77","41318.6","CAD"
"2025-08-13","SPEND","Jimmy's Coffee","-7.37","41311.23","CAD"
"2025-08-13","SPEND","Pigeon Cafe & Bar","-8.4","41302.83","CAD"
"2025-08-13","SPEND","Metro","-30.16","41272.67","CAD"
"2025-08-13","SPEND","JOEY Restaurant","-44.01","41228.66","CAD"
"2025-08-14","SPEND","Dark Horse Spadina","-6.68","41221.98","CAD"
"2025-08-14","SPEND","Pigeon Cafe & Bar","-7.74","41214.24","CAD"
"2025-08-14","SPEND","Lady Marmalade","-21.34","41192.9","CAD"
"2025-08-15","SPEND","Crunchyroll","-9.99","41182.91","CAD"
"2025-08-16","SPEND","Walmart Supercentre","-81.88","41101.03","CAD"
"2025-08-19","P2P_SENT","Cash sent","-42.08","41058.95","CAD"
"2025-08-20","SPEND","Claude.ai Subscription","-31.64","41027.31","CAD"
"2025-08-21","SPEND","Jimmy's Coffee","-6.52","41020.79","CAD"
"2025-08-21","SPEND","Dessert Fox","-8.64","41012.15","CAD"
"2025-08-22","SPEND","Farm Boy","-24.98","40987.17","CAD"
"2025-08-23","SPEND_REFUND","H&M","62.38","41049.55","CAD"
"2025-08-23","SPEND","Super Chicken","-12.16","41037.39","CAD"
"2025-08-25","SPEND","Pilot Coffee Roasters","-5.84","41031.55","CAD"
"2025-08-25","SPEND","Second Cup 9301","-7.3","41024.25","CAD"
"2025-08-25","SPEND","Farm Boy","-20.42","41003.83","CAD"
"2025-08-25","SPEND","Fido Mobile","-55.8","40948.03","CAD"
"2025-08-26","SPEND","Canadian Tire","-76.33","40871.7","CAD"
"2025-08-27","AFT_IN","Direct deposit from Wealthsimple-OS","2376.99","43248.69","CAD"
"2025-08-27","SPEND","Ramen Isshin","-23.96","43224.73","CAD"
"2025-08-27","SPEND","Indigo Books","-26.62","43198.11","CAD"
"2025-08-27","SPEND","LCBO","-50.0","43148.11","CAD"
"2025-08-28","SPEND","Longo's","-45.22","43102.89","CAD"
"2025-08-28","SPEND","Othership","-48.13","43054.76","CAD"
"2025-08-29","SPEND","Jimmy's Coffee","-6.69","43048.07","CAD"
"2025-08-29","SPEND","De Mello Coffee -","-7.74","43040.33","CAD"
"2025-08-31","SPEND","The Alley","-6.83","43033.5","CAD"
"2025-08-31","SPEND","Longo's","-53.15","42980.35","CAD"
"2025-09-01","INT","Interest earned","26.92","43007.27","CAD"
"2025-09-01","SPEND","Goodlife Fitness","-59.99","42947.28","CAD"
"2025-09-01","P2P_SENT","Cash sent","-1050.0","41897.28","CAD"
"2025-09-03","SPEND","Apple Icloud+ Storage","-3.99","41893.29","CAD"
"2025-09-03","SPEND","Farm Boy","-32.6","41860.69","CAD"
"2025-09-03","SPEND","Presto Autoload","-40.0","41820.69","CAD"
"2025-09-03","SPEND","Canadian Tire","-45.73","41774.96","CAD"
"2025-09-04","SPEND","De Mello Coffee -","-8.09","41766.87","CAD"
"2025-09-04","SPEND","Impact Kitchen Adelaid","-16.12","41750.75","CAD"
"2025-09-05","SPEND","Nando's","-18.31","41732.44","CAD"
"2025-09-06","SPEND","Pilot Coffee Roasters","-6.09","41726.35","CAD"
"2025-09-07","SPEND","Pilot Coffee Roasters","-7.99","41718.36","CAD"
"2025-09-07","SPEND","Amazon Prime Ca","-10.99","41707.37","CAD"
"2025-09-08","SPEND","Winners","-29.99","41677.38","CAD"
"2025-09-09","SPEND","Netflix","-20.99","41656.39","CAD"
"2025-09-10","AFT_IN","Direct deposit from Wealthsimple-OS","2539.28","44195.67","CAD"
"2025-09-10","SPEND","Jimmy's Coffee","-6.96","44188.71","CAD"
"2025-09-10","SPEND","Wilbur Mexicana","-22.71","44166.0","CAD"
"2025-09-10","SPEND","No Frills","-71.82","44094.18","CAD"
"2025-09-12","SPEND","Neo Coffee Bar","-6.57","44087.61","CAD"
"2025-09-12","SPEND","Spotify","-11.99","44075.62","CAD"
"2025-09-13","SPEND","Wal-Mart","-53.27","44022.35","CAD"
"2025-09-14","SPEND","Holy Chuck Burgers","-15.93","44006.42","CAD"
"2025-09-15","SPEND","Crunchyroll","-9.99","43996.43","CAD"
"2025-09-16","SPEND_REFUND","Uniqlo Eaton Centre","17.75","44014.18","CAD"
"2025-09-16","SPEND","Balzac's Coffee","-7.0","44007.18","CAD"
"2025-09-16","SPEND","Super Chicken","-9.02","43998.16","CAD"
"2025-09-17","P2P_RECV","Cash received","39.48","44037.64","CAD"
"2025-09-17","SPEND","Neo Coffee Bar","-7.12","44030.52","CAD"
"2025-09-17","SPEND","%arabica (union Statio","-8.97","44021.55","CAD"
"2025-09-17","SPEND","%arabica (union Statio","-9.38","44012.17","CAD"
"2025-09-17","SPEND","Wal-Mart","-34.52","43977.65","CAD"
"2025-09-17","SPEND","The Keg Steakhouse","-51.28","43926.37","CAD"
"2025-09-17","P2P_SENT","Cash sent","-78.35","43848.02","CAD"
"2025-09-18","SPEND","Osmow's Shawarma","-15.69","43832.33","CAD"
"2025-09-19","SPEND","Sushi on Bloor","-18.83","43813.5","CAD"
"2025-09-20","SPEND","Claude.ai Subscription","-31.64","43781.86","CAD"
"2025-09-21","SPEND","No Frills","-62.14","43719.72","CAD"
"2025-09-23","SPEND","CoCo Fresh Tea","-5.33","43714.39","CAD"
"2025-09-24","AFT_IN","Direct deposit from Wealthsimple-OS","2636.15","46350.54","CAD"
"2025-09-25","SPEND","Fido Mobile","-56.2","46294.34","CAD"
"2025-09-27","SPEND","Dark Horse Spadina","-7.33","46287.01","CAD"
"2025-09-27","SPEND","Uber* Trip","-20.94","46266.07","CAD"
"2025-09-27","SPEND","Nando's","-23.88","46242.19","CAD"
"2025-09-27","SPEND","No Frills","-76.79","46165.4","CAD"
"2025-09-28","SPEND","Caphelia","-6.43","46158.97","CAD"
"2025-09-28","SPEND","Petro-Canada 01480","-59.0","46099.97","CAD"
"2025-09-29","SPEND","Second Cup 9301","-6.85","46093.12","CAD"
"2025-09-29","SPEND","Freshii","-11.26","46081.86","CAD"
"2025-09-30","SPEND","Caphelia","-6.91","46074.95","CAD"
"2025-10-01","INT","Interest earned","29.18","46104.13","CAD"
"2025-10-01","SPEND","Goodlife Fitness","-59.99","46044.14","CAD"
"2025-10-01","P2P_SENT","Cash sent","-1050.0","44994.14","CAD"
"2025-10-02","SPEND","De Mello Coffee -","-6.84","44987.3","CAD"
"2025-10-03","SPEND","Apple Icloud+ Storage","-3.99","44983.31","CAD"
"2025-10-03","SPEND","Dessert Fox","-9.94","44973.37","CAD"
"2025-10-03","SPEND","Presto Autoload","-40.0","44933.37","CAD"
"2025-10-04","SPEND","Starbucks Coffee","-7.75","44925.62","CAD"
"2025-10-04","SPEND","Pai Northern Thai","-21.39","44904.23","CAD"
"2025-10-04","SPEND","Esso","-67.96","44836.27","CAD"
"2025-10-05","SPEND","Second Cup 9301","-5.97","44830.3","CAD"
"2025-10-05","SPEND","Jimmy's Coffee","-6.67","44823.63","CAD"
"2025-10-05","SPEND","The Drake Hotel","-19.78","44803.85","CAD"
"2025-10-05","SPEND","Longo's","-47.11","44756.74","CAD"
"2025-10-06","SPEND","Pizza Pizza","-14.9","44741.84","CAD"
"2025-10-07","SPEND","Amazon Prime Ca","-10.99","44730.85","CAD"
"2025-10-08","AFT_IN","Direct deposit from Wealthsimple-OS","2282.86","47013.71","CAD"
"2025-10-08","SPEND","Caphelia","-7.2","47006.51","CAD"
"2025-10-09","SPEND","Caphelia","-5.92","47000.59","CAD"
"2025-10-09","SPEND","Netflix","-20.99","46979.6","CAD"
"2025-10-09","SPEND","Canadian Tire","-23.81","46955.79","CAD"
"2025-10-09","SPEND","Sobeys","-28.02","46927.77","CAD"
"2025-10-10","SPEND","The Alley","-6.38","46921.39","CAD"
"2025-10-11","SPEND","Kinton Ramen","-19.23","46902.16","CAD"
"2025-10-12","SPEND","Spotify","-11.99","46890.17","CAD"
"2025-10-13","P2P_RECV","Cash received","59.15","46949.32","CAD"
"2025-10-13","SPEND","Sobeys","-57.26","46892.06","CAD"
"2025-10-13","P2P_SENT","Cash sent","-71.77","46820.29","CAD"
"2025-10-14","SPEND","King Slice Pizza","-4.43","46815.86","CAD"
"2025-10-14","SPEND","Second Cup 9301","-6.02","46809.84","CAD"
"2025-10-15","SPEND","Chatime","-6.93","46802.91","CAD"
"2025-10-15","SPEND","Crunchyroll","-9.99","46792.92","CAD"
"2025-10-16","SPEND","T&T Supermarket","-42.86","46750.06","CAD"
"2025-10-19","SPEND","Starbucks Coffee","-5.76","46744.3","CAD"
"2025-10-20","SPEND","Second Cup 9301","-6.67","46737.63","CAD"
"2025-10-20","SPEND","%arabica (union Statio","-7.97","46729.66","CAD"
"2025-10-20","SPEND","Pai Northern Thai","-18.37","46711.29","CAD"
"2025-10-20","SPEND","Claude.ai Subscription","-31.64","46679.65","CAD"
"2025-10-21","SPEND","Starbucks Coffee","-7.57","46672.08","CAD"
"2025-10-21","SPEND","Holy Chuck Burgers","-17.17","46654.91","CAD"
"2025-10-21","SPEND","No Frills","-25.51","46629.4","CAD"
"2025-10-22","AFT_IN","Direct deposit from Wealthsimple-OS","2634.56","49263.96","CAD"
"2025-10-22","SPEND","De Mello Coffee -","-6.88","49257.08","CAD"
"2025-10-22","SPEND","Walmart Supercentre","-60.35","49196.73","CAD"
"2025-10-25","SPEND","Pilot Coffee Roasters","-6.23","49190.5","CAD"
"2025-10-25","SPEND","Fido Mobile","-55.67","49134.83","CAD"
"2025-10-26","SPEND","Holy Chuck Burgers","-20.23","49114.6","CAD"
"2025-10-26","SPEND","Canadian Tire Gas+","-78.81","49035.79","CAD"
"2025-10-27","SPEND","Jimmy's Coffee","-5.92","49029.87","CAD"
"2025-10-27","SPEND","Caphelia","-6.4","49023.47","CAD"
"2025-10-27","SPEND","Uber* Trip","-21.28","49002.19","CAD"
"2025-10-29","SPEND","Sweet Jesus","-9.52","48992.67","CAD"
"2025-10-31","SPEND","Starbucks Coffee","-5.86","48986.81","CAD"
"2025-10-31","SPEND","No Frills","-73.36","48913.45","CAD"
"2025-11-01","INT","Interest earned","32.78","48946.23","CAD"
"2025-11-01","SPEND","Uber* Trip","-20.37","48925.86","CAD"
"2025-11-01","SPEND","Goodlife Fitness","-59.99","48865.87","CAD"
"2025-11-01","P2P_SENT","Cash sent","-1050.0","47815.87","CAD"
"2025-11-02","SPEND","Tim Hortons","-4.2","47811.67","CAD"
"2025-11-02","SPEND","Lady Marmalade","-36.38","47775.29","CAD"
"2025-11-03","SPEND","Apple Icloud+ Storage","-3.99","47771.3","CAD"
"2025-11-03","SPEND","Caphelia","-6.04","47765.26","CAD"
"2025-11-03","SPEND","Neo Coffee Bar","-6.33","47758.93","CAD"
"2025-11-03","SPEND","Presto Autoload","-40.0","47718.93","CAD"
"2025-11-05","AFT_IN","Direct deposit from Wealthsimple-OS","2587.18","50306.11","CAD"
"2025-11-05","SPEND","Winners","-34.79","50271.32","CAD"
"2025-11-07","SPEND","De Mello Coffee -","-8.23","50263.09","CAD"
"2025-11-07","SPEND","Amazon Prime Ca","-10.99","50252.1","CAD"
"2025-11-07","SPEND","Metro","-32.53","50219.57","CAD"
"2025-11-09","SPEND","Netflix","-20.99","50198.58","CAD"
"2025-11-09","SPEND","T&T Supermarket","-50.58","50148.0","CAD"
"2025-11-11","SPEND","Pilot Coffee Roasters","-6.06","50141.94","CAD"
"2025-11-11","SPEND","Nando's","-16.19","50125.75","CAD"
"2025-11-11","SPEND","Muji","-27.01","50098.74","CAD"
"2025-11-11","SPEND","The Keg Steakhouse","-43.05","50055.69","CAD"
"2025-11-12","SPEND","Spotify","-11.99","50043.7","CAD"
"2025-11-13","SPEND","Uber* Trip","-22.55","50021.15","CAD"
"2025-11-15","SPEND","Crunchyroll","-9.99","50011.16","CAD"
"2025-11-15","SPEND","Muji","-22.98","49988.18","CAD"
"2025-11-15","SPEND","Indigo Books","-28.37","49959.81","CAD"
"2025-11-16","SPEND","Neo Coffee Bar","-6.99","49952.82","CAD"
"2025-11-16","SPEND","Banh Mi Boys","-13.74","49939.08","CAD"
"2025-11-17","SPEND","Caphelia","-6.05","49933.03","CAD"
"2025-11-17","SPEND","T&T Supermarket","-66.59","49866.44","CAD"
"2025-11-18","SPEND","Molly Tea Downtown","-12.58","49853.86","CAD"
"2025-11-19","AFT_IN","Direct deposit from Wealthsimple-OS","2429.71","52283.57","CAD"
"2025-11-19","SPEND","Othership","-48.27","52235.3","CAD"
"2025-11-20","SPEND","Mary Brown's Chicken","-10.78","52224.52","CAD"
"2025-11-20","SPEND","T&T Supermarket","-25.77","52198.75","CAD"
"2025-11-20","SPEND","Claude.ai Subscription","-31.64","52167.11","CAD"
"2025-11-20","SPEND","Esso","-46.16","52120.95","CAD"
"2025-11-21","SPEND","Dark Horse Spadina","-6.26","52114.69","CAD"
"2025-11-21","SPEND","Muji","-21.98","52092.71","CAD"
"2025-11-22","P2P_RECV","Cash received","43.27","52135.98","CAD"
"2025-11-24","SPEND","Mary Brown's Chicken","-10.32","52125.66","CAD"
"2025-11-24","P2P_SENT","Cash sent","-16.06","52109.6","CAD"
"2025-11-25","SPEND","Starbucks Coffee","-6.39","52103.21","CAD"
"2025-11-25","SPEND","Holy Chuck Burgers","-19.45","52083.76","CAD"
"2025-11-25","SPEND","Fido Mobile","-54.59","52029.17","CAD"
"2025-11-26","SPEND","Neo Coffee Bar","-6.23","52022.94","CAD"
"2025-11-26","SPEND","Kinton Ramen","-19.28","52003.66","CAD"
"2025-11-26","P2P_SENT","Cash sent","-19.39","51984.27","CAD"
"2025-11-27","SPEND","Balzac's Coffee","-7.67","51976.6","CAD"
"2025-11-27","SPEND","Bingz Crispy Burger","-15.46","51961.14","CAD"
"2025-11-29","SPEND","OneZo Tapioca","-7.28","51953.86","CAD"
"2025-11-29","SPEND","De Mello Coffee -","-8.62","51945.24","CAD"
"2025-11-30","SPEND","Dark Horse Spadina","-6.19","51939.05","CAD"
"2025-12-01","INT","Interest earned","30.04","51969.09","CAD"
"2025-12-01","SPEND","Metro","-25.89","51943.2","CAD"
"2025-12-01","SPEND","Goodlife Fitness","-59.99","51883.21","CAD"
"2025-12-01","P2P_SENT","Cash sent","-1050.0","50833.21","CAD"
"2025-12-02","SPEND","Bellwoods Brewery","-27.66","50805.55","CAD"
"2025-12-03","AFT_IN","Direct deposit from Wealthsimple-OS","2348.41","53153.96","CAD"
"2025-12-03","SPEND","Apple Icloud+ Storage","-3.99","53149.97","CAD"
"2025-12-03","SPEND","%arabica (union Statio","-7.98","53141.99","CAD"
"2025-12-03","SPEND","Presto Autoload","-40.0","53101.99","CAD"
"2025-12-04","SPEND","The Keg Steakhouse","-53.88","53048.11","CAD"
"2025-12-05","SPEND","Caphelia","-5.73","53042.38","CAD"
"2025-12-05","SPEND","Caphelia","-6.46","53035.92","CAD"
"2025-12-05","SPEND","Dark Horse Spadina","-7.91","53028.01","CAD"
"2025-12-05","P2P_SENT","Cash sent","-17.88","53010.13","CAD"
"2025-12-07","SPEND","Amazon Prime Ca","-10.99","52999.14","CAD"
"2025-12-08","SPEND","Sweet Jesus","-7.37","52991.77","CAD"
"2025-12-08","SPEND","Pizza Pizza","-9.76","52982.01","CAD"
"2025-12-08","SPEND","Sobeys","-26.55","52955.46","CAD"
"2025-12-09","SPEND","Netflix","-20.99","52934.47","CAD"
"2025-12-10","SPEND","Starbucks Coffee","-5.86","52928.61","CAD"
"2025-12-11","SPEND","Jimmy's Coffee","-7.37","52921.24","CAD"
"2025-12-12","SPEND","Dollarama","-8.6","52912.64","CAD"
"2025-12-12","SPEND","Spotify","-11.99","52900.65","CAD"
"2025-12-12","SPEND","Dollarama","-12.81","52887.84","CAD"
"2025-12-12","SPEND","Petro-Canada 01480","-52.26","52835.58","CAD"
"2025-12-12","SPEND","Gap Ca 9840","-65.38","52770.2","CAD"
"2025-12-13","SPEND","Uber* Trip","-34.86","52735.34","CAD"
"2025-12-14","SPEND","CoCo Fresh Tea","-5.2","52730.14","CAD"
"2025-12-14","SPEND","Impact Kitchen Adelaid","-21.13","52709.01","CAD"
"2025-12-14","SPEND","Farm Boy","-23.79","52685.22","CAD"
"2025-12-15","SPEND","Balzac's Coffee","-5.63","52679.59","CAD"
"2025-12-15","SPEND","Crunchyroll","-9.99","52669.6","CAD"
"2025-12-15","SPEND","Dollarama","-13.82","52655.78","CAD"
"2025-12-15","SPEND","H&M","-37.6","52618.18","CAD"
"2025-12-15","SPEND","Bath & Body Works","-49.38","52568.8","CAD"
"2025-12-15","SPEND","Amazon.ca","-50.62","52518.18","CAD"
"2025-12-16","SPEND","%arabica (union Statio","-8.32","52509.86","CAD"
"2025-12-16","SPEND","Super Chicken","-9.54","52500.32","CAD"
"2025-12-16","SPEND","Longo's","-22.34","52477.98","CAD"
"2025-12-17","AFT_IN","Direct deposit from Wealthsimple-OS","2701.17","55179.15","CAD"
"2025-12-17","SPEND","Jimmy's Coffee","-7.4","55171.75","CAD"
"2025-12-18","SPEND","Neo Coffee Bar","-6.45","55165.3","CAD"
"2025-12-18","P2P_SENT","Cash sent","-37.01","55128.29","CAD"
"2025-12-19","SPEND","Gap Ca 9840","-35.18","55093.11","CAD"
"2025-12-19","SPEND","The Keg Steakhouse","-39.03","55054.08","CAD"
"2025-12-19","SPEND","Metro","-40.48","55013.6","CAD"
"2025-12-20","SPEND","Second Cup 9301","-6.71","55006.89","CAD"
"2025-12-20","SPEND","Second Cup 9301","-7.58","54999.31","CAD"
"2025-12-20","SPEND","Claude.ai Subscription","-31.64","54967.67","CAD"
"2025-12-20","SPEND","Wal-Mart","-38.89","54928.78","CAD"
"2025-12-21","SPEND","Muji","-12.14","54916.64","CAD"
"2025-12-21","SPEND","Wal-Mart","-52.94","54863.7","CAD"
"2025-12-21","SPEND","Gap Ca 9840","-62.31","54801.39","CAD"
"2025-12-21","SPEND","Best Buy","-64.14","54737.25","CAD"
"2025-12-21","SPEND","Best Buy","-123.64","54613.61","CAD"
"2025-12-22","SPEND","Tiger Sugar","-7.64","54605.97","CAD"
"2025-12-23","SPEND","T&T Supermarket","-22.2","54583.77","CAD"
"2025-12-23","SPEND","Pai Northern Thai","-30.69","54553.08","CAD"
"2025-12-23","SPEND","Esso","-81.86","54471.22","CAD"
"2025-12-25","SPEND","Farm Boy","-34.31","54436.91","CAD"
"2025-12-25","SPEND","JOEY Restaurant","-54.0","54382.91","CAD"
"2025-12-25","SPEND","Fido Mobile","-55.41","54327.5","CAD"
"2025-12-26","SPEND","Balzac's Coffee","-5.7","54321.8","CAD"
"2025-12-27","SPEND","Longo's","-23.26","54298.54","CAD"
"2025-12-30","SPEND","Starbucks Coffee","-7.38","54291.16","CAD"
"2025-12-31","AFT_IN","Direct deposit from Wealthsimple-OS","2428.1","56719.26","CAD"
